<?xml version="1.0" encoding="UTF-8"?><collection xmlns="http://www.loc.gov/MARC21/slim"><record><leader>00672nam--2200193-i-4500</leader><controlfield tag="001">000023855</controlfield><controlfield tag="002">20161230</controlfield><controlfield tag="005">20161230201035</controlfield><controlfield tag="008">060222s1000------------r-----000-0-eng-d</controlfield><datafield ind1=" " ind2=" " tag="040"><subfield code="a">IFIN-HH</subfield></datafield><datafield ind1=" " ind2=" " tag="080"><subfield code="a">538.956</subfield></datafield><datafield ind1="1" ind2=" " tag="100"><subfield code="a">Hutter, Kolumban</subfield></datafield><datafield ind1="1" ind2="0" tag="245"><subfield code="a">Lecture notes in physics. vol. 88. field matter interactions in thermoelastic solids. a unification of existing theories of electro-magneto-mechanical interactions</subfield><subfield code="c">Kolumban hutter, alphons a.f. van de ven</subfield></datafield><datafield ind1=" " ind2=" " tag="260"><subfield code="a">Berlin</subfield><subfield code="b">Springer-verlag</subfield><subfield code="c">1978</subfield></datafield><datafield ind1=" " ind2=" " tag="300"><subfield code="a">VI+229 P</subfield></datafield><datafield ind1=" " ind2=" " tag="490"><subfield code="a">Lecture Notes In Physics, 88</subfield></datafield><datafield ind1="1" ind2=" " tag="700"><subfield code="a">Van De Ven, Alphons A.F</subfield></datafield><datafield ind1=" " ind2=" " tag="852"><subfield code="a">33191</subfield><subfield code="c">53</subfield></datafield><datafield ind1=" " ind2=" " tag="CAT"><subfield code="a">Sys</subfield><subfield code="c">20150303</subfield><subfield code="h">144910</subfield></datafield></record></collection>